<record><leader>00000cas a2200000 a 4500</leader><controlfield tag="001">76815444</controlfield><controlfield tag="008">061128d18971898orudn ne      0    0eng c</controlfield><datafield ind1=" " ind2=" " tag="010"><subfield code="a">  2006260037</subfield></datafield><datafield ind1=" " ind2=" " tag="040"><subfield code="a">ORU</subfield><subfield code="b">eng</subfield><subfield code="c">ORU</subfield><subfield code="d">OCLCQ</subfield><subfield code="d">OCLCF</subfield><subfield code="d">OCLCO</subfield></datafield><datafield ind1="1" ind2=" " tag="029"><subfield code="a">AU@</subfield><subfield code="b">000041113441</subfield></datafield><datafield ind1=" " ind2=" " tag="042"><subfield code="a">pcc</subfield></datafield><datafield ind1=" " ind2=" " tag="043"><subfield code="a">n-us-or</subfield></datafield><datafield ind1="0" ind2="0" tag="245"><subfield code="a">Daily morning observer.</subfield></datafield><datafield ind1="3" ind2="0" tag="246"><subfield code="a">Morning daily observer</subfield></datafield><datafield ind1="3" ind2="0" tag="246"><subfield code="a">Morning observer</subfield></datafield><datafield ind1=" " ind2=" " tag="260"><subfield code="a">La Grande, Union Co., Or. :</subfield><subfield code="b">Currey Bros.,</subfield><subfield code="c">1897-1898.</subfield></datafield><datafield ind1=" " ind2=" " tag="300"><subfield code="a">v. :</subfield><subfield code="b">ill.</subfield></datafield><datafield ind1=" " ind2=" " tag="310"><subfield code="a">Daily (except Monday)</subfield></datafield><datafield ind1="0" ind2=" " tag="362"><subfield code="a">Vol. 1, no. 1 (Dec. 1, 1897)-v. 1, no. 167 (June 15, 1898).</subfield></datafield><datafield ind1=" " ind2=" " tag="530"><subfield code="a">Also issued on microfilm from University of Oregon.</subfield></datafield><datafield ind1=" " ind2=" " tag="580"><subfield code="a">Weekly ed.: Eastern Oregon observer.</subfield></datafield><datafield ind1=" " ind2="0" tag="651"><subfield code="a">La Grande (Or.)</subfield><subfield code="v">Newspapers.</subfield></datafield><datafield ind1=" " ind2="0" tag="651"><subfield code="a">Union County (Or.)</subfield><subfield code="v">Newspapers.</subfield></datafield><datafield ind1=" " ind2="7" tag="655"><subfield code="a">Newspapers.</subfield><subfield code="2">fast</subfield><subfield code="0">(OCoLC)fst01423814</subfield></datafield><datafield ind1=" " ind2="7" tag="651"><subfield code="a">Oregon</subfield><subfield code="z">La Grande.</subfield><subfield code="2">fast</subfield><subfield code="0">(OCoLC)fst01214202</subfield></datafield><datafield ind1=" " ind2="7" tag="651"><subfield code="a">Oregon</subfield><subfield code="z">Union County.</subfield><subfield code="2">fast</subfield><subfield code="0">(OCoLC)fst01223302</subfield></datafield><datafield ind1=" " ind2=" " tag="752"><subfield code="a">United States</subfield><subfield code="b">Oregon</subfield><subfield code="c">Union</subfield><subfield code="d">La Grande.</subfield></datafield><datafield ind1="1" ind2=" " tag="775"><subfield code="t">Eastern Oregon observer</subfield><subfield code="w">(DLC)  2006260032</subfield><subfield code="w">(OCoLC)76815249</subfield></datafield><datafield ind1="0" ind2="0" tag="785"><subfield code="t">Grande morning observer</subfield><subfield code="w">(DLC)  2006260038</subfield><subfield code="w">(OCoLC)76815439</subfield></datafield></record>